<?xml version="1.0" encoding="UTF-8"?><record xmlns="http://www.loc.gov/MARC21/slim" xmlns:cinclude="http://apache.org/cocoon/include/1.0" xmlns:zs="http://www.loc.gov/zing/srw/">
  <leader>00499nz  a2200133n  4500</leader>
  <controlfield tag="001">n  92085653 </controlfield>
  <controlfield tag="003">DLC</controlfield>
  <controlfield tag="005">19920826073500.6</controlfield>
  <controlfield tag="008">920826n| acannaab|          |a ana |||  </controlfield>
  <datafield tag="010" ind1=" " ind2=" ">
    <subfield code="a">n  92085653 </subfield>
  </datafield>
  <datafield tag="040" ind1=" " ind2=" ">
    <subfield code="a">DLC</subfield>
    <subfield code="c">DLC</subfield>
  </datafield>
  <datafield tag="110" ind1="2" ind2="0">
    <subfield code="a">Kingwood School (Kingwood, W. Va.).</subfield>
    <subfield code="b">Literary Society</subfield>
  </datafield>
  <datafield tag="410" ind1="2" ind2="0">
    <subfield code="a">Kingwood School Literary Society (Kingwood, W. Va.)</subfield>
  </datafield>
  <datafield tag="670" ind1=" " ind2=" ">
    <subfield code="a">NUCMC data from Va. Poly. Inst. and St. Univ. Libr. for Murdock, F.M. Papers, 1877-1893</subfield>
    <subfield code="b">(Kingwood School Literary Society; Kingwood, W. Va.)</subfield>
  </datafield>
</record>